@article{buhrmester2011amazon,
  title={Amazon's Mechanical Turk A New Source of Inexpensive, Yet High-Quality, Data?},
  author={Buhrmester, Michael and Kwang, Tracy and Gosling, Samuel D},
  journal={Perspectives on Psychological Science},
  volume={6},
  number={1},
  pages={3--5},
  year={2011},
  publisher={Sage Publications}
}

@article{ross2010crowdworkers,
  title={Who are the crowdworkers?: shifting demographics in mechanical turk},
  author={Ross, Joel and Irani, Lilly and Silberman, M and Zaldivar, Andrew and Tomlinson, Bill},
  journal={CHI'10 Extended Abstracts on Human Factors in Computing Systems},
  pages={2863--2872},
  year={2010},
  publisher={ACM}
}

@article{paolacci2010running,
  title={Running Experiments on Amazon Mechanical Turk},
  author={Paolacci, Gabriele and Chandler, Jesse and Ipeirotis, Panagiotis},
  journal={Judgment and Decision Making},
  volume={5},
  number={5},
  pages={411--419},
  year={2010}
}
